@misc{
    sent140,
    title = {Sentiment140 - A Twitter Sentiment Analysis Tool},
    author = {},
    howpublished = {\url{http://www.sentiment140.com/}},
    note = {acessado em 28 de Maio de 2017},
}

@misc{
    semeval17,
    title = {International Workshop on Semantic Evaluation 2017},
    author = {},
    howpublished = {\url{http://alt.qcri.org/semeval2017/}},
    note = {acessado em 28 de Maio de 2017},
}

@article{
    go09,
    title={Twitter sentiment classification using distant supervision},
    author={Go, Alec and Bhayani, Richa and Huang, Lei},
    journal={CS224N Project Report, Stanford},
    volume={1},
    number={12},
    year={2009}
}

@inproceedings{
    read05,
    title={Using emoticons to reduce dependency in machine learning techniques for sentiment classification},
    author={Read, Jonathon},
    booktitle={Proceedings of the ACL student research workshop},
    pages={43--48},
    year={2005},
    organization={Association for Computational Linguistics}
}

@article{kim14,
    title={Convolutional neural networks for sentence classification},
    author={Kim, Yoon},
    journal={arXiv preprint arXiv:1408.5882},
    year={2014}
}

@inproceedings{
    schutze08,
    title={Introduction to information retrieval},
    author={Sch{\"u}tze, Hinrich},
    booktitle={Proceedings of the international communication of association for computing machinery conference},
    year={2008}
}

@inproceedings{
    mccallum98,
    title={A comparison of event models for naive bayes text classification},
    author={McCallum, Andrew and Nigam, Kamal and others},
    organization={Citeseer}
}

@misc{
    vanderplas15,
    author = {VanderPlas, Jake},
    title = {},
    howpublished = {\url{https://github.com/jakevdp/sklearn_pycon2015/blob/master/notebooks/03.1-Classification-SVMs.ipynb}},
    note = {acessado em 28 de Maio 2017},
}

@inproceedings{
    list09,
    title={SVM-optimization and steepest-descent line search},
    author={List, Nikolas and Simon, Hans Ulrich},
    booktitle={Proceedings of the 22nd Annual Conference on Computational Learning Theory},
    year={2009}
}

@article{
    suykens99,
    title={Least squares support vector machine classifiers},
    author={Suykens, Johan AK and Vandewalle, Joos},
    journal={Neural processing letters},
    volume={9},
    number={3},
    pages={293--300},
    year={1999},
    publisher={Springer}
}

@article{
    hornik89,
    title={Multilayer feedforward networks are universal approximators},
    author={Hornik, Kurt and Stinchcombe, Maxwell and White, Halbert},
    journal={Neural networks},
    volume={2},
    number={5},
    pages={359--366},
    year={1989},
    publisher={Elsevier}
}

@incollection{
    lecun12,
    title={Efficient backprop},
    author={LeCun, Yann A and Bottou, Léon and Orr, Genevieve B and Müller, Klaus-Robert},
    booktitle={Neural networks: Tricks of the trade},
    pages={9--48},
    year={2012},
    publisher={Springer}
}

@article{
    williams86,
    title={Learning representations by back-propagating errors},
    author={Williams, DRGHR and Hinton, Geoffrey},
    journal={Nature},
    volume={323},
    number={6088},
    pages={533--538},
    year={1986}
}

@misc{
    bishop06,
    title={Pattern recognition and machine learning},
    author={Bishop, Christopher M},
    year={2006},
    publisher={springer}
}

@article{
    cortes95,
    author="Cortes, Corinna and Vapnik, Vladimir",
    title="Support-vector networks",
    journal="Machine Learning",
    year="1995",
    volume="20",
    number="3",
    pages="273--297",
    issn="1573-0565",
    doi="10.1007/BF00994018",
    url="http://dx.doi.org/10.1007/BF00994018"
}

@misc{
    scholkopf02,
    title={Support Vector Machines and Kernel Algorithms},
    author={Sch{\"o}lkopf, Bernhard and Smola, AJ},
    year={2002},
    publisher={The Handbook of Brain Theory and Neural Networks, MIT Press, Cambridge, UK}
}

@article{
    lecun15,
    title={Deep learning},
    author={LeCun, Yann and Bengio, Yoshua and Hinton, Geoffrey},
    journal={Nature},
    volume={521},
    number={7553},
    pages={436--444},
    year={2015},
    publisher={Nature Research}
}

@article{
    esteva17,
    title={Dermatologist-level classification of skin cancer with deep neural networks},
    author={Esteva, Andre and Kuprel, Brett and Novoa, Roberto A and Ko, Justin and Swetter, Susan M and Blau, Helen M and Thrun, Sebastian},
    journal={Nature},
    volume={542},
    number={7639},
    pages={115--118},
    year={2017},
    publisher={Nature Research}
}

@book{
    goodfellow16,
    title={Deep Learning},
    author={Ian Goodfellow and Yoshua Bengio and Aaron Courville},
    publisher={MIT Press},
    note={\url{http://www.deeplearningbook.org}},
    year={2016}
}

@article{
    lecun95,
    title={Convolutional networks for images, speech, and time series},
    author={LeCun, Yann and Bengio, Yoshua and others},
    journal={The handbook of brain theory and neural networks},
    volume={3361},
    number={10},
    year={1995}
}

@article{
    cauchy1847,
    title={Méthode générale pour la résolution des systemes d’équations simultanées},
    author={Cauchy, Augustin},
    journal={Comp. Rend. Sci. Paris},
    volume={25},
    number={1847},
    pages={536--538},
    year={1847}
}

@inproceedings{
    glorot10,
    title={Understanding the difficulty of training deep feedforward neural networks},
    author={Glorot, Xavier and Bengio, Yoshua},
    booktitle={Proceedings of the Thirteenth International Conference on Artificial Intelligence and Statistics},
    pages={249--256},
    year={2010}
}

@inproceedings{
    dauphin14,
    title={Identifying and attacking the saddle point problem in high-dimensional non-convex optimization},
    author={Dauphin, Yann N and Pascanu, Razvan and Gulcehre, Caglar and Cho, Kyunghyun and Ganguli, Surya and Bengio, Yoshua},
    booktitle={Advances in neural information processing systems},
    pages={2933--2941},
    year={2014}
}

@article{
    goodfellow14,
    title={Qualitatively characterizing neural network optimization problems},
    author={Goodfellow, Ian J and Vinyals, Oriol and Saxe, Andrew M},
    journal={arXiv preprint arXiv:1412.6544},
    year={2014}
}

@book{
    haykin09,
    title={Neural networks and learning machines},
    author={Haykin, Simon},
    volume={3},
    year={2009},
    publisher={Pearson Upper Saddle River, NJ, USA:}
}

@article{
    duchi11,
    title={Adaptive subgradient methods for online learning and stochastic optimization},
    author={Duchi, John and Hazan, Elad and Singer, Yoram},
    journal={Journal of Machine Learning Research},
    volume={12},
    number={Jul},
    pages={2121--2159},
    year={2011}
}

@inproceedings{
    pennington14,
    title={Glove: Global vectors for word representation},
    author={Pennington, Jeffrey and Socher, Richard and Manning, Christopher},
    booktitle={Proceedings of the 2014 conference on empirical methods in natural language processing (EMNLP)},
    pages={1532--1543},
    year={2014}
}

@article{
    kingma14,
    title={Adam: A method for stochastic optimization},
    author={Kingma, Diederik and Ba, Jimmy},
    journal={arXiv preprint arXiv:1412.6980},
    year={2014}
}

@inproceedings{
    krogh92,
    title={A simple weight decay can improve generalization},
    author={Krogh, Anders and Hertz, John A},
    booktitle={Advances in neural information processing systems},
    pages={950--957},
    year={1992}
}

@article{
    srivastava14,
    title={Dropout: a simple way to prevent neural networks from overfitting.},
    author={Srivastava, Nitish and Hinton, Geoffrey E and Krizhevsky, Alex and Sutskever, Ilya and Salakhutdinov, Ruslan},
    journal={Journal of machine learning research},
    volume={15},
    number={1},
    pages={1929--1958},
    year={2014}
}

@article{
    dietterich00,
    title={Ensemble methods in machine learning},
    author={Dietterich, Thomas G and others},
    journal={Multiple classifier systems},
    volume={1857},
    pages={1--15},
    year={2000},
    publisher={Springer}
}

@inproceedings{craven99,
    title={Constructing biological knowledge bases by extracting information from text sources.},
    author={Craven, Mark and Kumlien, Johan and others},
    booktitle={ISMB},
    volume={1999},
    pages={77--86},
    year={1999}
}

@misc{
    social17,
    title = {Digital in 2017: Global Overview},
    author = {We Are Social},
    howpublished = {\url{https://wearesocial.com/special-reports/digital-in-2017-global-overview}},
    note = {acessado em 10 de Outubro de 2017},
}

@book{wiener61,
    title={Cybernetics or Control and Communication in the Animal and the Machine},
    author={Wiener, Norbert},
    volume={25},
    year={1961},
    publisher={MIT press}
}

@article{rosenblatt58,
    title={The perceptron: A probabilistic model for information storage and organization in the brain.},
    author={Rosenblatt, Frank},
    journal={Psychological review},
    volume={65},
    number={6},
    pages={386},
    year={1958},
    publisher={American Psychological Association}
}

@inproceedings{
    silva03,
    title={The importance of stop word removal on recall values in text categorization},
    author={Silva, Catarina and Ribeiro, Bernardete},
    booktitle={Neural Networks, 2003. Proceedings of the International Joint Conference on},
    volume={3},
    pages={1661--1666},
    year={2003},
    organization={IEEE}
}

@article{
    saif14,
    title={On stopwords, filtering and data sparsity for sentiment analysis of twitter},
    author={Saif, Hassan and Fernández, Miriam and He, Yulan and Alani, Harith},
    year={2014}
}

@article{
    salton88,
    title={Term-weighting approaches in automatic text retrieval},
    author={Salton, Gerard and Buckley, Christopher},
    journal={Information processing \& management},
    volume={24},
    number={5},
    pages={513--523},
    year={1988},
    publisher={Elsevier}
}

@article{
    mikolov13,
    title={Efficient estimation of word representations in vector space},
    author={Mikolov, Tomas and Chen, Kai and Corrado, Greg and Dean, Jeffrey},
    journal={arXiv preprint arXiv:1301.3781},
    year={2013}
}

@incollection{
    mikolov13b,
    title = {Distributed Representations of Words and Phrases and their Compositionality},
    author = {Mikolov, Tomas and Sutskever, Ilya and Chen, Kai and Corrado, Greg S and Dean, Jeff},
    booktitle = {Advances in Neural Information Processing Systems 26},
    editor = {C. J. C. Burges and L. Bottou and M. Welling and Z. Ghahramani and K. Q. Weinberger},
    pages = {3111--3119},
    year = {2013},
    publisher = {Curran Associates, Inc.},
    url = {http://papers.nips.cc/paper/5021-distributed-representations-of-words-and-phrases-and-their-compositionality.pdf}
}

@article{
    bojanowski16,
    title={Enriching Word Vectors with Subword Information},
    author={Bojanowski, Piotr and Grave, Edouard and Joulin, Armand and Mikolov, Tomas},
    journal={arXiv preprint arXiv:1607.04606},
    year={2016}
}

@misc{
    smartinsights,
    title = {What happens online in 60 seconds?},
    author = {Allen, Robert},
    howpublished = {\url{https://www.smartinsights.com/internet-marketing-statistics/happens-online-60-seconds/}},
    note = {acessado em 5 de Janeiro de 2018}
}

@misc{
    marketingland,
    title = {A New Era Of Digital Content: Engagement And Content Metrics That Matter},
    author = {Yu, Jim},
    howpublished = {\url{https://marketingland.com/new-era-digital-content-engagement-content-metrics-matter-136147}},
    note = {acessado em 5 de Janeiro de 2018}
}

@misc{
    newman16,
    title = {Big Data And The Power Of Sentiment},
    author = {Newman, Daniel},
    howpublished = {\url{https://www.forbes.com/sites/danielnewman/2016/05/10/big-data-and-the-power-of-sentiment/#715be21015a5}},
    note = {acessado em 5 de Janeiro de 2018}
}

@article{
    bollen11,
    title={Twitter mood predicts the stock market},
    author={Bollen, Johan and Mao, Huina and Zeng, Xiaojun},
    journal={Journal of computational science},
    volume={2},
    number={1},
    pages={1--8},
    year={2011},
    publisher={Elsevier}
}

@misc{
    gensim,
    title={Gensim: Topic Modeling for Humans},
    howpublished={\url{https://radimrehurek.com/gensim/}},
    note={Acessado: 07/12/2017}
}

@misc{
    nltk,
    title={Natural Language Toolkit},
    howpublished={\url{http://ntlk.org}},
    note={Acessado: 07/12/2017}
}

@misc{
    spacy,
    title={spaCy - Industrial-strength Natural Language Processing in Python},
    howpublished={\url{https://spacy.io}},
    note={Acessado: 07/12/2017}
}

@misc{
    sklearn,
    title={scikit-learn: Machine Learning in Python},
    howpublished={\url{http://scikit-learn.org/}},
    note={Acessado: 07/12/2017}
}

@misc{
    keras,
    title={Keras: The Python Deep Learning library},
    howpublished={\url{https://keras.io/}},
    note={Acessado: 07/12/2017}
}

@inproceedings{
    deriu16,
    title={SwissCheese at SemEval-2016 Task 4: Sentiment Classification Using an Ensemble of Convolutional Neural Networks with Distant Supervision.},
    author={Deriu, Jan and Gonzenbach, Maurice and Uzdilli, Fatih and Lucchi, Aurelien and De Luca, Valeria and Jaggi, Martin},
    year={2016}
}

@inproceedings{
    rosenthal17,
    title={SemEval-2017 task 4: Sentiment analysis in Twitter},
    author={Rosenthal, Sara and Farra, Noura and Nakov, Preslav},
    booktitle={Proceedings of the 11th International Workshop on Semantic Evaluation (SemEval-2017)},
    pages={502--518},
    year={2017}
}

@article{
    liu12,
    title={Sentiment analysis and opinion mining},
    author={Liu, Bing},
    journal={Synthesis lectures on human language technologies},
    volume={5},
    number={1},
    pages={1--167},
    year={2012},
    publisher={Morgan \& Claypool Publishers}
}

@article{
    tumasjan10,
    title={Predicting elections with twitter: What 140 characters reveal about political sentiment.},
    author={Tumasjan, Andranik and Sprenger, Timm Oliver and Sandner, Philipp G and Welpe, Isabell M},
    journal={Icwsm},
    volume={10},
    number={1},
    pages={178--185},
    year={2010}
}

@inproceedings{
    wiebe05,
    title={Creating Subjective and Objective Sentence Classifiers from Unannotated Texts.},
    author={Wiebe, Janyce and Riloff, Ellen},
    booktitle={CICLing},
    volume={5},
    pages={486--497},
    year={2005},
    organization={Springer}
}

@article{
    mourtada11,
    title={Civil movements: The impact of Facebook and Twitter},
    author={Mourtada, Racha and Salem, Fadi},
    journal={Arab Social Media Report},
    volume={1},
    number={2},
    pages={1--30},
    year={2011}
}

@article{
    turing50,
    title={Computing machinery and intelligence},
    author={Turing, Alan M},
    journal={Mind},
    volume={59},
    number={236},
    pages={433--460},
    year={1950},
    publisher={JSTOR}
}

@book{
    minsky72,
    title={Perceptrons: An Introduction to Computational Geometry},
    author={Minsky, M.L. and Papert, S.},
    isbn={9780262130431},
    url={https://books.google.com.br/books?id=Ow1OAQAAIAAJ},
    year={1972},
    publisher={Mit Press}
}

@incollection{
    werbos82,
    title={Applications of advances in nonlinear sensitivity analysis},
    author={Werbos, Paul J},
    booktitle={System modeling and optimization},
    pages={762--770},
    year={1982},
    publisher={Springer}
}

@article{
    bradley97,
    title={The use of the area under the ROC curve in the evaluation of machine learning algorithms},
    author={Bradley, Andrew P},
    journal={Pattern recognition},
    volume={30},
    number={7},
    pages={1145--1159},
    year={1997},
    publisher={Elsevier}
}

@inproceedings{
    ciodaro12,
    title={Online particle detection with neural networks based on topological calorimetry information},
    author={Ciodaro, T and Deva, D and De Seixas, JM and Damazio, D},
    booktitle={Journal of physics: conference series},
    volume={368},
    number={1},
    pages={012030},
    year={2012},
    organization={IOP Publishing}
}

@inproceedings{
    kohavi95,
    title={A study of cross-validation and bootstrap for accuracy estimation and model selection},
    author={Kohavi, Ron and others},
    booktitle={Ijcai},
    volume={14},
    number={2},
    pages={1137--1145},
    year={1995},
    organization={Stanford, CA}
}

@article{
    hochreiter98,
    title={The vanishing gradient problem during learning recurrent neural nets and problem solutions},
    author={Hochreiter, Sepp},
    journal={International Journal of Uncertainty, Fuzziness and Knowledge-Based Systems},
    volume={6},
    number={02},
    pages={107--116},
    year={1998},
    publisher={World Scientific}
}

@article{
    hinton06,
    title={A fast learning algorithm for deep belief nets},
    author={Hinton, Geoffrey E and Osindero, Simon and Teh, Yee-Whye},
    journal={Neural computation},
    volume={18},
    number={7},
    pages={1527--1554},
    year={2006},
    publisher={MIT Press}
}

@inproceedings{
    nair10,
    title={Rectified linear units improve restricted boltzmann machines},
    author={Nair, Vinod and Hinton, Geoffrey E},
    booktitle={Proceedings of the 27th international conference on machine learning (ICML-10)},
    pages={807--814},
    year={2010}
}

@inproceedings{
    he16,
    title={Deep residual learning for image recognition},
    author={He, Kaiming and Zhang, Xiangyu and Ren, Shaoqing and Sun, Jian},
    booktitle={Proceedings of the IEEE conference on computer vision and pattern recognition},
    pages={770--778},
    year={2016}
}

@incollection{
    hopfield87,
    title={Neural networks and physical systems with emergent collective computational abilities},
    author={Hopfield, John J},
    booktitle={Spin Glass Theory and Beyond: An Introduction to the Replica Method and Its Applications},
    pages={411--415},
    year={1987},
    publisher={World Scientific}
}

@article{
    hinton06_2,
    title={Reducing the dimensionality of data with neural networks},
    author={Hinton, Geoffrey E and Salakhutdinov, Ruslan R},
    journal={science},
    volume={313},
    number={5786},
    pages={504--507},
    year={2006},
    publisher={American Association for the Advancement of Science}
}

@incollection{
    goodfellow14_2,
    title={Generative Adversarial Nets},
    author={Goodfellow, Ian and Pouget-Abadie, Jean and Mirza, Mehdi and Xu, Bing and Warde-Farley, David and Ozair, Sherjil and Courville, Aaron and Bengio, Yoshua},
    booktitle={Advances in Neural Information Processing Systems 27},
    editor={Z. Ghahramani and M. Welling and C. Cortes and N. D. Lawrence and K. Q. Weinberger},
    pages={2672--2680},
    year={2014},
    publisher={Curran Associates, Inc.},
    url={http://papers.nips.cc/paper/5423-generative-adversarial-nets.pdf}
}

@article{
    cambria13,
    title={New avenues in opinion mining and sentiment analysis},
    author={Cambria, Erik and Schuller, Bj{\"o}rn and Xia, Yunqing and Havasi, Catherine},
    journal={IEEE Intelligent Systems},
    volume={28},
    number={2},
    pages={15--21},
    year={2013},
    publisher={IEEE}
}

@article{
    du14,
    title={Box office prediction based on microblog},
    author={Du, Jingfei and Xu, Hua and Huang, Xiaoqiu},
    journal={Expert Systems with Applications},
    volume={41},
    number={4},
    pages={1680--1689},
    year={2014},
    publisher={Elsevier}
}

@inproceedings{
    zhuang06,
    title={Movie review mining and summarization},
    author={Zhuang, Li and Jing, Feng and Zhu, Xiao-Yan},
    booktitle={Proceedings of the 15th ACM international conference on Information and knowledge management},
    pages={43--50},
    year={2006},
    organization={ACM}
}

@inproceedings{
    hu04,
    title={Mining and summarizing customer reviews},
    author={Hu, Minqing and Liu, Bing},
    booktitle={Proceedings of the tenth ACM SIGKDD international conference on Knowledge discovery and data mining},
    pages={168--177},
    year={2004},
    organization={ACM}
}

@article{
    bollen11b,
    title={Modeling public mood and emotion: Twitter sentiment and socio-economic phenomena.},
    author={Bollen, Johan and Mao, Huina and Pepe, Alberto},
    journal={Icwsm},
    volume={11},
    pages={450--453},
    year={2011}
}

@inproceedings{
    caruana01,
    title={Overfitting in neural nets: Backpropagation, conjugate gradient, and early stopping},
    author={Caruana, Rich and Lawrence, Steve and Giles, C Lee},
    booktitle={Advances in neural information processing systems},
    pages={402--408},
    year={2001}
}

@article{
    soon01,
    title={A machine learning approach to coreference resolution of noun phrases},
    author={Soon, Wee Meng and Ng, Hwee Tou and Lim, Daniel Chung Yong},
    journal={Computational linguistics},
    volume={27},
    number={4},
    pages={521--544},
    year={2001},
    publisher={MIT Press}
}

@article{
    lappin94,
    title={An algorithm for pronominal anaphora resolution},
    author={Lappin, Shalom and Leass, Herbert J},
    journal={Computational linguistics},
    volume={20},
    number={4},
    pages={535--561},
    year={1994},
    publisher={MIT Press}
}

@article{
  nadeau07,
  title={A survey of named entity recognition and classification},
  author={Nadeau, David and Sekine, Satoshi},
  journal={Lingvisticae Investigationes},
  volume={30},
  number={1},
  pages={3--26},
  year={2007},
  publisher={John Benjamins publishing company}
}

@inproceedings{
    yarowsky95,
    title={Unsupervised word sense disambiguation rivaling supervised methods},
    author={Yarowsky, David},
    booktitle={Proceedings of the 33rd annual meeting on Association for Computational Linguistics},
    pages={189--196},
    year={1995},
    organization={Association for Computational Linguistics}
}
